<?xml version="1.0" encoding="UTF-8"?><collection xmlns="http://www.loc.gov/MARC21/slim"><record><leader>00404nam--2200121-i-4500</leader><controlfield tag="001">000016866</controlfield><controlfield tag="002">20161230</controlfield><controlfield tag="005">20161230201032</controlfield><controlfield tag="008">060222s1000------------r-----000-0-eng-d</controlfield><datafield ind1=" " ind2=" " tag="080"><subfield code="a">621.384.634</subfield></datafield><datafield ind1=" " ind2=" " tag="245"><subfield code="a">Bericht des gutachterausschusses bo, ga, oi(ga , ng, 157 uber das fordergebiet. experimente m it synchrotronstrahlung. forderunszeitraum: 1982-1985</subfield></datafield><datafield ind1=" " ind2=" " tag="260"><subfield code="a">Berlin, Desy, 1987 572 P</subfield></datafield><datafield ind1=" " ind2=" " tag="852"><subfield code="a">78872</subfield></datafield></record></collection>